<record><leader>00000cas a2200000 a 4500</leader><controlfield tag="001">9522130</controlfield><controlfield tag="008">830518d17961uuunyuir ne      0   b0fre c</controlfield><datafield ind1=" " ind2=" " tag="010"><subfield code="a">sn 83030538 </subfield></datafield><datafield ind1=" " ind2=" " tag="040"><subfield code="a">NPU</subfield><subfield code="b">eng</subfield><subfield code="c">NPU</subfield><subfield code="d">NPX</subfield><subfield code="d">IUL</subfield><subfield code="d">KNP</subfield><subfield code="d">YOX</subfield><subfield code="d">KNP</subfield><subfield code="d">NST</subfield><subfield code="d">DLC</subfield><subfield code="d">OBN</subfield><subfield code="d">OCL</subfield><subfield code="d">CVF</subfield><subfield code="d">NYS</subfield><subfield code="d">KRTAS</subfield><subfield code="d">OCLCQ</subfield><subfield code="d">OCLCF</subfield><subfield code="d">OCLCO</subfield><subfield code="d">OCL</subfield><subfield code="d">OCLCO</subfield><subfield code="d">DLC</subfield></datafield><datafield ind1="0" ind2=" " tag="022"><subfield code="a">2575-002X</subfield><subfield code="2">1</subfield></datafield><datafield ind1=" " ind2=" " tag="042"><subfield code="a">pcc</subfield><subfield code="a">nsdp</subfield></datafield><datafield ind1=" " ind2=" " tag="043"><subfield code="a">n-us-ny</subfield></datafield><datafield ind1="0" ind2="0" tag="050"><subfield code="a">Newspaper</subfield></datafield><datafield ind1="0" ind2=" " tag="130"><subfield code="a">Gazette franc&#807;aise (New York, N.Y.)</subfield></datafield><datafield ind1=" " ind2="0" tag="222"><subfield code="a">Gazette franc&#807;aise</subfield><subfield code="b">(New York, N.Y.)</subfield></datafield><datafield ind1="1" ind2="0" tag="245"><subfield code="a">Gazette franc&#807;aise.</subfield></datafield><datafield ind1=" " ind2=" " tag="260"><subfield code="a">New-York [N.Y. :</subfield><subfield code="b">s.n.]</subfield></datafield><datafield ind1=" " ind2=" " tag="300"><subfield code="a">v.</subfield></datafield><datafield ind1=" " ind2=" " tag="310"><subfield code="a">Three times a week</subfield></datafield><datafield ind1="1" ind2=" " tag="362"><subfield code="a">Began in Mar. 1796.</subfield></datafield><datafield ind1=" " ind2=" " tag="530"><subfield code="a">Available on microfilm from Readex Microprint Corp.</subfield></datafield><datafield ind1=" " ind2=" " tag="588"><subfield code="a">Description based on: No 6 (18 mars 1796).</subfield></datafield><datafield ind1=" " ind2=" " tag="588"><subfield code="a">Latest issue consulted: No. 555 (Oct. 4,1799).</subfield></datafield><datafield ind1=" " ind2="0" tag="650"><subfield code="a">French newspapers</subfield><subfield code="z">New York (State)</subfield></datafield><datafield ind1=" " ind2="0" tag="650"><subfield code="a">French Americans</subfield><subfield code="v">Newspapers.</subfield></datafield><datafield ind1=" " ind2="0" tag="651"><subfield code="a">New York (N.Y.)</subfield><subfield code="v">Newspapers.</subfield></datafield><datafield ind1=" " ind2="0" tag="651"><subfield code="a">New York County (N.Y.)</subfield><subfield code="v">Newspapers.</subfield></datafield><datafield ind1=" " ind2="7" tag="650"><subfield code="a">French newspapers.</subfield><subfield code="2">fast</subfield><subfield code="0">(OCoLC)fst00934758</subfield></datafield><datafield ind1=" " ind2="7" tag="650"><subfield code="a">French Americans.</subfield><subfield code="2">fast</subfield><subfield code="0">(OCoLC)fst00934236</subfield></datafield><datafield ind1=" " ind2="7" tag="651"><subfield code="a">New York (State)</subfield><subfield code="2">fast</subfield><subfield code="0">(OCoLC)fst01210280</subfield></datafield><datafield ind1=" " ind2="7" tag="651"><subfield code="a">New York (State)</subfield><subfield code="z">New York.</subfield><subfield code="2">fast</subfield><subfield code="0">(OCoLC)fst01204333</subfield></datafield><datafield ind1=" " ind2="7" tag="651"><subfield code="a">New York (State)</subfield><subfield code="z">New York County.</subfield><subfield code="2">fast</subfield><subfield code="0">(OCoLC)fst01234953</subfield></datafield><datafield ind1=" " ind2="7" tag="655"><subfield code="a">Newspapers.</subfield><subfield code="2">fast</subfield><subfield code="0">(OCoLC)fst01423814</subfield></datafield><datafield ind1=" " ind2=" " tag="752"><subfield code="a">United States</subfield><subfield code="b">New York</subfield><subfield code="c">New York</subfield><subfield code="d">New York.</subfield></datafield><datafield ind1="0" ind2="0" tag="780"><subfield code="t">Gazette franc&#807;aise et ame&#769;ricaine</subfield><subfield code="w">(DLC)sn 83030498</subfield><subfield code="w">(OCoLC)9518473</subfield></datafield><datafield ind1=" " ind2=" " tag="938"><subfield code="a">Kirtas Technologies, Inc.</subfield><subfield code="b">KRTS</subfield><subfield code="n">736690</subfield></datafield><datafield ind1="1" ind2=" " tag="029"><subfield code="a">AU@</subfield><subfield code="b">000020126610</subfield></datafield></record>